<record><leader>00000cas a2200000 a 4500</leader><controlfield tag="001">6775572</controlfield><controlfield tag="008">801001d185818uuiaumr ne      0   a0eng d</controlfield><controlfield tag="009">1045</controlfield><datafield ind1=" " ind2=" " tag="010"><subfield code="a">sn 87057267 </subfield></datafield><datafield ind1=" " ind2=" " tag="040"><subfield code="a">IOD</subfield><subfield code="b">eng</subfield><subfield code="c">IOD</subfield><subfield code="d">INP</subfield><subfield code="d">OCL</subfield></datafield><datafield ind1=" " ind2=" " tag="042"><subfield code="a">msc</subfield></datafield><datafield ind1=" " ind2=" " tag="090"><subfield code="a">AN2.I8</subfield><subfield code="b">D54</subfield></datafield><datafield ind1="0" ind2=" " tag="130"><subfield code="a">Monthly reporter (Des Moines, Iowa)</subfield></datafield><datafield ind1="0" ind2="0" tag="245"><subfield code="a">Monthly reporter.</subfield></datafield><datafield ind1=" " ind2=" " tag="260"><subfield code="a">Des Moines, Iowa :</subfield><subfield code="b">N. W. Mills &amp; Co.,</subfield><subfield code="c">1858-</subfield></datafield><datafield ind1=" " ind2=" " tag="300"><subfield code="a">v.</subfield></datafield><datafield ind1=" " ind2=" " tag="310"><subfield code="a">Monthly</subfield></datafield><datafield ind1="0" ind2=" " tag="362"><subfield code="a">Vol. 1, no. 1 (July 1858)-</subfield></datafield><datafield ind1=" " ind2=" " tag="752"><subfield code="a">United States</subfield><subfield code="b">Iowa</subfield><subfield code="c">Polk</subfield><subfield code="d">Des Moines.</subfield></datafield><datafield ind1="0" ind2="0" tag="785"><subfield code="t">Capital reporter (Des Moines, Iowa)</subfield><subfield code="w">(DLC)sn 87057268</subfield></datafield></record>